<?xml version="1.0" encoding="UTF-8"?><record xmlns="http://www.loc.gov/MARC21/slim" xmlns:cinclude="http://apache.org/cocoon/include/1.0" xmlns:zs="http://www.loc.gov/zing/srw/">
  <leader>00514cz  a2200133n  4500</leader>
  <controlfield tag="001">n  99270837 </controlfield>
  <controlfield tag="003">DLC</controlfield>
  <controlfield tag="005">19991006085616.0</controlfield>
  <controlfield tag="008">991006n| acannaabn          |n ana      </controlfield>
  <datafield tag="010" ind1=" " ind2=" ">
    <subfield code="a">n  99270837 </subfield>
  </datafield>
  <datafield tag="040" ind1=" " ind2=" ">
    <subfield code="a">DLC</subfield>
    <subfield code="b">eng</subfield>
    <subfield code="c">DLC</subfield>
    <subfield code="d">DLC</subfield>
  </datafield>
  <datafield tag="110" ind1="2" ind2=" ">
    <subfield code="a">Worcester Bicentennial Commission</subfield>
  </datafield>
  <datafield tag="670" ind1=" " ind2=" ">
    <subfield code="a">NUCMC data from Worcester Historical Museum for Susan Ceccacci collection, ca. 1970-ca. 1980</subfield>
    <subfield code="b">(Worcester Bicentennial Commission; Worcester, Mass.)</subfield>
  </datafield>
  <datafield tag="670" ind1=" " ind2=" ">
    <subfield code="a">LC data base, Oct. 06, 1999</subfield>
    <subfield code="b">(hdg.: Worcester Bicentennial Commission)</subfield>
  </datafield>
</record>